%%%%%%%%%%%%%%%%%%%%%%%%%%%%%%%%%%
%Chapter 1
%%%%%%%%%%%%%%%%%%%%%%%%%%%%%%%%%%

@phdthesis{maillard2011apprentissage,
  title = {LEARNING S {\ 'E} QUENTIAL: Bandits, Statistics and Reinforcement.},
  author = {Maillard, Odalric-Ambrym},
  year = {2011},
  school = {University of Science and Technology of Lille-Lille I}
}

@article{agrawal1995sample,
  title={Sample mean based index policies by O (log n) regret for the multi-armed bandit problem},
  author={Agrawal, Rajeev},
  journal={Advances in Applied Probability},
  volume={27},
  number={4},
  pages={1054--1078},
  year={1995},
  publisher={Cambridge University Press}
}

@article{steinwart2005classification,
  title={A classification framework for anomaly detection},
  author={Steinwart, Ingo and Hush, Don and Scovel, Clint},
  journal={Journal of Machine Learning Research},
  volume={6},
  number={Feb},
  pages={211--232},
  year={2005}
}

@article{streeter2006selecting,
  title={Selecting among heuristics by solving thresholded k-armed bandit problems},
  author={Streeter, Matthew J and Smith, Stephen F},
  journal={ICAPS 2006},
  pages={123--127},
  year={2006}
}

@article{takimoto2003path,
  title={Path kernels and multiplicative updates},
  author={Takimoto, Eiji and Warmuth, Manfred K},
  journal={Journal of Machine Learning Research},
  volume={4},
  number={Oct},
  pages={773--818},
  year={2003}
}

@article{kalai2005efficient,
  title={Efficient algorithms for online decision problems},
  author={Kalai, Adam and Vempala, Santosh},
  journal={Journal of Computer and System Sciences},
  volume={71},
  number={3},
  pages={291--307},
  year={2005},
  publisher={Elsevier}
}

@book{cesa2006prediction,
  title={Prediction, learning, and games},
  author={Cesa-Bianchi, Nicolo and Lugosi, G{\'a}bor},
  year={2006},
  publisher={Cambridge university press}
}

@article{awerbuch2004adaptive,
  title={Adaptive routing with end-to-end feedback: Distributed learning and geometric approaches},
  author={Awerbuch, Baruch and Kleinberg, Robert D},
  journal={Proceedings of the thirty-sixth annual ACM symposium on Theory of computing},
  pages={45--53},
  year={2004},
  organization={ACM}
}

@article{mcmahan2004online,
  title={Online geometric optimization in the bandit setting against an adaptive adversary},
  author={McMahan, H Brendan and Blum, Avrim},
  journal={COLT},
  volume={3120},
  pages={109--123},
  year={2004},
  organization={Springer}
}

@article{gyorgy2007line,
  title={The on-line shortest path problem under partial monitoring},
  author={Gy{\"o}rgy, Andr{\'a}s and Linder, Tam{\'a}s and Lugosi, G{\'a}bor and Ottucs{\'a}k, Gy{\"o}rgy},
  journal={Journal of Machine Learning Research},
  volume={8},
  number={Oct},
  pages={2369--2403},
  year={2007}
}

@article{langford2008epoch,
  title={The epoch-greedy algorithm for multi-armed bandits with side information},
  author={Langford, John and Zhang, Tong},
  journal={Advances in neural information processing systems},
  pages={817--824},
  year={2008}
}

@article{li2010contextual,
  title={A contextual-bandit approach to personalized news article recommendation},
  author={Li, Lihong and Chu, Wei and Langford, John and Schapire, Robert E},
  journal={Proceedings of the 19th international conference on World wide web},
  pages={661--670},
  year={2010},
  organization={ACM}
}

@article{beygelzimer2011contextual,
  title={Contextual Bandit Algorithms with Supervised Learning Guarantees.},
  author={Beygelzimer, Alina and Langford, John and Li, Lihong and Reyzin, Lev and Schapire, Robert E},
  journal={AISTATS},
  pages={19--26},
  year={2011}
}

@article{DBLP:journals/corr/abs-1708-05033,
  author    = {Pratik Gajane and
               Tanguy Urvoy and
               Emilie Kaufmann},
  title     = {Corrupt Bandits for Privacy Preserving Input},
  journal   = {CoRR},
  volume    = {abs/1708.05033},
  year      = {2017},
  url       = {http://arxiv.org/abs/1708.05033},
  archivePrefix = {arXiv},
  eprint    = {1708.05033},
  timestamp = {Tue, 05 Sep 2017 10:03:46 +0200},
  biburl    = {http://dblp.org/rec/bib/journals/corr/abs-1708-05033},
  bibsource = {dblp computer science bibliography, http://dblp.org}
}

@inproceedings{DBLP:conf/icml/WuSLS16,
  author    = {Yifan Wu and
               Roshan Shariff and
               Tor Lattimore and
               Csaba Szepesv{\'{a}}ri},
  title     = {Conservative Bandits},
  booktitle = {Proceedings of the 33nd International Conference on Machine Learning,
               {ICML} 2016, New York City, NY, USA, June 19-24, 2016},
  pages     = {1254--1262},
  year      = {2016},
  url       = {http://jmlr.org/proceedings/papers/v48/wu16.html},
  timestamp = {Tue, 12 Jul 2016 21:51:16 +0200},
  biburl    = {http://dblp.org/rec/bib/conf/icml/WuSLS16},
  bibsource = {dblp computer science bibliography, http://dblp.org}
}

%%%%%%%%%%%%%%%%%%%%%%%%%%%%%%%%%%


%%%%%%%%%%%%%%%%%%%%%%%%%%%%%%%%%%
%Chapter 2
%%%%%%%%%%%%%%%%%%%%%%%%%%%%%%%%%%

@article{thompson1935theory,
  title={On the theory of apportionment},
  author={Thompson, William R},
  journal={American Journal of Mathematics},
  volume={57},
  number={2},
  pages={450--456},
  year={1935},
  publisher={JSTOR}
}

@article{cappe2013kullback,
  title={Kullback--leibler upper confidence bounds for optimal sequential allocation},
  author={Capp{\'e}, Olivier and Garivier, Aur{\'e}lien and Maillard, Odalric-Ambrym and Munos, R{\'e}mi and Stoltz, Gilles and others},
  journal={The Annals of Statistics},
  volume={41},
  number={3},
  pages={1516--1541},
  year={2013},
  publisher={Institute of Mathematical Statistics}
}

%%%%%%%%%%%%%%%%%%%%%%%%%%%%%%%%%



@book{sutton1998reinforcement,
  title={Reinforcement learning: An introduction},
  author={Sutton, Richard S and Barto, Andrew G},
  year={1998},
  publisher={MIT press}
}

@article{bubeck2012regret,
  title={Regret analysis of stochastic and nonstochastic multi-armed bandit problems},
  author={Bubeck, S{\'e}bastien and Cesa-Bianchi, Nicolo},
  journal={arXiv preprint arXiv:1204.5721},
  year={2012}
}

@article{bubeck2012bandits,
  title={Bandits with heavy tail},
  author={Bubeck, S{\'e}bastien and Cesa-Bianchi, Nicolo and Lugosi, G{\'a}bor},
  journal={arXiv preprint arXiv:1209.1727},
  year={2012}
}

@article{bubeck2013bounded,
  title={Bounded regret in stochastic multi-armed bandits},
  author={Bubeck, S{\'e}bastien and Perchet, Vianney and Rigollet, Philippe},
  journal={arXiv preprint arXiv:1302.1611},
  year={2013}
}

@article{perchet2015batched,
  title={Batched Bandit Problems},
  author={Perchet, Vianney and Rigollet, Philippe and Chassang, Sylvain and Snowberg, Erik},
  journal={arXiv preprint arXiv:1505.00369},
  year={2015}
}


@article{audibert2010best,
  author    = {Jean{-}Yves Audibert and
               S{\'{e}}bastien Bubeck and
               R{\'{e}}mi Munos},
  title     = {Best Arm Identification in Multi-Armed Bandits},
  journal = {{COLT} 2010 - The 23rd Conference on Learning Theory, Haifa, Israel,
               June 27-29, 2010},
  pages     = {41--53},
  year      = {2010}
}

@book{friedman2001elements,
  title={The elements of statistical learning},
  author={Friedman, Jerome and Hastie, Trevor and Tibshirani, Robert},
  volume={1},
  year={2001},
  publisher={Springer series in statistics Springer, Berlin}
}

@article{auer2002nonstochastic,
  title={The nonstochastic multiarmed bandit problem},
  author={Auer, Peter and Cesa-Bianchi, Nicolo and Freund, Yoav and Schapire, Robert E},
  journal={SIAM Journal on Computing},
  volume={32},
  number={1},
  pages={48--77},
  year={2002},
  publisher={SIAM}
}

@misc{CapGarKau12,
 author={Olivier Cappe and Aurelien Garivier and Emilie Kaufmann},
 title={pymaBandits},
 year={2012},
 note={\url{http://mloss.org/software/view/415/}}
}



@article{honda2010asymptotically,
  author    = {Junya Honda and
               Akimichi Takemura},
  title     = {An Asymptotically Optimal Bandit Algorithm for Bounded Support Models},
  journal = {{COLT} 2010 - The 23rd Conference on Learning Theory, Haifa, Israel,
               June 27-29, 2010},
  pages     = {67--79},
  year      = {2010}
}

@article{lattimore2015optimally,
  title={Optimally confident UCB: Improved regret for finite-armed bandits},
  author={Lattimore, Tor},
  journal={arXiv preprint arXiv:1507.07880},
  year={2015}
}



@article{liu2016modification,
  author    = {Yun{-}Ching Liu and
               Yoshimasa Tsuruoka},
  title     = {Modification of improved upper confidence bounds for regulating exploration
               in Monte-Carlo tree search},
  journal   = {Theoretical Computer Science},
  volume    = {644},
  pages     = {92--105},
  year      = {2016}
}

@article{mannor2004sample,
  title={The sample complexity of exploration in the multi-armed bandit problem},
  author={Mannor, Shie and Tsitsiklis, John N},
  journal={Journal of Machine Learning Research},
  volume={5},
  number={Jun},
  pages={623--648},
  year={2004}
}

@article{even2006action,
  title={Action elimination and stopping conditions for the multi-armed bandit and reinforcement learning problems},
  author={Even-Dar, Eyal and Mannor, Shie and Mansour, Yishay},
  journal={The Journal of Machine Learning Research},
  volume={7},
  pages={1079--1105},
  year={2006},
  publisher={JMLR. org}
}

@article{audibert2009exploration,
  title={Exploration--exploitation tradeoff using variance estimates in multi-armed bandits},
  author={Audibert, Jean-Yves and Munos, R{\'e}mi and Szepesv{\'a}ri, Csaba},
  journal={Theoretical Computer Science},
  volume={410},
  number={19},
  pages={1876--1902},
  year={2009},
  publisher={Elsevier}
}

@article{auer2010ucb,
  title={UCB revisited: Improved regret bounds for the stochastic multi-armed bandit problem},
  author={Auer, Peter and Ortner, Ronald},
  journal={Periodica Mathematica Hungarica},
  volume={61},
  number={1-2},
  pages={55--65},
  year={2010},
  publisher={Springer}
}

@article{auer2002finite,
  title={Finite-time analysis of the multiarmed bandit problem},
  author={Auer, Peter and Cesa-Bianchi, Nicolo and Fischer, Paul},
  journal={Machine learning},
  volume={47},
  number={2-3},
  pages={235--256},
  year={2002},
  publisher={Springer}
}

@incollection{robbins1952some,
  title={Some aspects of the sequential design of experiments},
  author={Robbins, Herbert},
  booktitle={Herbert Robbins Selected Papers},
  pages={169--177},
  year={1952},
  publisher={Springer}
}

@article{lai1985asymptotically,
  title={Asymptotically efficient adaptive allocation rules},
  author={Lai, Tze Leung and Robbins, Herbert},
  journal={Advances in applied mathematics},
  volume={6},
  number={1},
  pages={4--22},
  year={1985},
  publisher={Elsevier}
}

@article{thompson1933likelihood,
  title={On the likelihood that one unknown probability exceeds another in view of the evidence of two samples},
  author={Thompson, William R},
  journal={Biometrika},
  pages={285--294},
  year={1933},
  publisher={JSTOR}
}



@article{agrawal2012analysis,
  author    = {Shipra Agrawal and
               Navin Goyal},
  title     = {Analysis of Thompson Sampling for the Multi-armed Bandit Problem},
  journal = {{COLT} 2012 - The 25th Annual Conference on Learning Theory, June
               25-27, 2012, Edinburgh, Scotland},
  pages     = {39.1--39.26},
  year      = {2012}
}



@article{agrawal2013further,
  author    = {Shipra Agrawal and
               Navin Goyal},
  title     = {Further Optimal Regret Bounds for Thompson Sampling},
  journal = {Proceedings of the Sixteenth International Conference on Artificial
               Intelligence and Statistics, {AISTATS} 2013, Scottsdale, AZ, USA,
               April 29 - May 1, 2013},
  series    = {{JMLR} Workshop and Conference Proceedings},
  volume    = {31},
  pages     = {99--107},
  publisher = {JMLR.org},
  year      = {2013}
}


@article{bertsekas1996neuro,
  title={Neuro-dynamic programming (optimization and neural computation series, 3)},
  author={Bertsekas, Dimitri P and Tsitsiklis, John N},
  journal={Athena Scientific},
  volume={7},
  pages={15--23},
  year={1996}
}

@book{ghavamzadeh2015bayesian,
  title={Bayesian reinforcement learning: a survey},
  author={Ghavamzadeh, Mohammad and Mannor, Shie and Pineau, Joelle and Tamar, Aviv and others},
  year={2015},
  publisher={World Scientific}
}

@article{garivier2011kl,
  title={The KL-UCB algorithm for bounded stochastic bandits and beyond},
  author={Garivier, Aur{\'e}lien and Capp{\'e}, Olivier},
  journal={arXiv preprint arXiv:1102.2490},
  year={2011}
}

@article{audibert2009minimax,
  author    = {Jean{-}Yves Audibert and
               S{\'{e}}bastien Bubeck},
  title     = {Minimax Policies for Adversarial and Stochastic Bandits},
  journal = {{COLT} 2009 - The 22nd Conference on Learning Theory, Montreal, Quebec,
               Canada, June 18-21, 2009},
  pages	   = {217--226},
  year      = {2009}
}

@article{abbasi2011improved,
  title={Improved algorithms for linear stochastic bandits},
  author={Abbasi-Yadkori, Yasin and P{\'a}l, D{\'a}vid and Szepesv{\'a}ri, Csaba},
  journal={Advances in Neural Information Processing Systems},
  pages={2312--2320},
  year={2011}
}

@article{agrawal2011analysis,
  title={Analysis of thompson sampling for the multi-armed bandit problem},
  author={Agrawal, Shipra and Goyal, Navin},
  journal={arXiv preprint arXiv:1111.1797},
  year={2011}
}

@article{bubeck2011pure,
  title={Pure exploration in finitely-armed and continuous-armed bandits},
  author={Bubeck, S{\'e}bastien and Munos, R{\'e}mi and Stoltz, Gilles},
  journal={Theoretical Computer Science},
  volume={412},
  number={19},
  pages={1832--1852},
  year={2011},
  publisher={Elsevier}
}



@article{gabillon2011multi,
  author    = {Victor Gabillon and
               Mohammad Ghavamzadeh and
               Alessandro Lazaric and
               S{\'{e}}bastien Bubeck},
  editor    = {John Shawe{-}Taylor and
               Richard S. Zemel and
               Peter L. Bartlett and
               Fernando C. N. Pereira and
               Kilian Q. Weinberger},
  title     = {Multi-Bandit Best Arm Identification},
  journal = {25th Annual
               Conference on Neural Information Processing Systems 2011. Proceedings
               of a meeting held 12-14 December 2011, Granada, Spain.},
  pages     = {2222--2230},
  year      = {2011}
}


@article{gabillon2012best,
  author    = {Victor Gabillon and
               Mohammad Ghavamzadeh and
               Alessandro Lazaric},
  editor    = {Peter L. Bartlett and
               Fernando C. N. Pereira and
               Christopher J. C. Burges and
               L{\'{e}}on Bottou and
               Kilian Q. Weinberger},
  title     = {Best Arm Identification: {A} Unified Approach to Fixed Budget and
               Fixed Confidence},
  journal = {26th Annual
               Conference on Neural Information Processing Systems 2012. Proceedings
               of a meeting held December 3-6, 2012, Lake Tahoe, Nevada, United States.},
  pages     = {3221--3229},
  year      = {2012}
}

@article{kalyanakrishnan2012pac,
  title={PAC subset selection in stochastic multi-armed bandits},
  author={Kalyanakrishnan, Shivaram and Tewari, Ambuj and Auer, Peter and Stone, Peter},
  journal={Proceedings of the 29th International Conference on Machine Learning (ICML-12)},
  pages={655--662},
  year={2012}
}

@article{bubeck2013multiple,
  title={Multiple Identifications in Multi-Armed Bandits.},
  author={Bubeck, S{\'e}bastien and Wang, Tengyao and Viswanathan, Nitin},
  journal={ICML (1)},
  pages={258--265},
  year={2013}
}


@article{chen2014combinatorial,
  author    = {Shouyuan Chen and
               Tian Lin and
               Irwin King and
               Michael R. Lyu and
               Wei Chen},
  editor    = {Zoubin Ghahramani and
               Max Welling and
               Corinna Cortes and
               Neil D. Lawrence and
               Kilian Q. Weinberger},
  title     = {Combinatorial Pure Exploration of Multi-Armed Bandits},
  journal = {27th Annual Conference
               on Neural Information Processing Systems 2014, December 8-13 2014,
               Montreal, Quebec, Canada},
  pages     = {379--387},
  year      = {2014}
}


@article{locatelli2016optimal,
  author    = {Andrea Locatelli and
               Maurilio Gutzeit and
               Alexandra Carpentier},
  editor    = {Maria{-}Florina Balcan and
               Kilian Q. Weinberger},
  title     = {An optimal algorithm for the Thresholding Bandit Problem},
  journal = {Proceedings of the 33nd International Conference on Machine Learning,
               {ICML} 2016, NY, USA, June 19-24, 2016},
  series    = {{JMLR} Workshop and Conference Proceedings},
  volume    = {48},
  pages     = {1690--1698},
  publisher = {JMLR.org},
  year      = {2016}
}


@inproceedings{tolpin2012mcts,
  title={MCTS Based on Simple Regret.},
  author={Tolpin, David and Shimony, Solomon Eyal},
  booktitle={AAAI},
  year={2012}
}

@inproceedings{jamieson2014best,
  title={Best-arm identification algorithms for multi-armed bandits in the fixed confidence setting},
  author={Jamieson, Kevin and Nowak, Robert},
  booktitle={Information Sciences and Systems (CISS), 2014 48th Annual Conference on},
  pages={1--6},
  year={2014},
  organization={IEEE}
}



@article{abernethy2016threshold,
  author    = {Jacob D. Abernethy and
               Kareem Amin and
               Ruihao Zhu},
  editor    = {Daniel D. Lee and
               Masashi Sugiyama and
               Ulrike von Luxburg and
               Isabelle Guyon and
               Roman Garnett},
  title     = {Threshold Bandits, With and Without Censored Feedback},
  journal = {29th Annual Conference
               on Neural Information Processing Systems 2016, December 5-10, 2016,
               Barcelona, Spain},
  pages     = {4889--4897},
  year      = {2016}
}


%%%%%%%%%%%%%%%%%%%%%%%%%%%%%%%%%%%%%%%%%%%%%%%%%%%%%%%%%%%%%%%%%%%%%%%%%%%%%%%%%%%%%%%%%%%%%%%%%%%
%EUCBV
%%%%%%%%%%%%%%%%%%%%%%%%%%%%%%%%%%%%%%%%%%%%%%%%%%%%%%%%%%%%%%%%%%%%%%%%%%%%%%%%%%%%%%%%%%%%%%%%%%%


@article{mannor2004sample,
  title={The sample complexity of exploration in the multi-armed bandit problem},
  author={Mannor, Shie and Tsitsiklis, John N},
  journal={Journal of Machine Learning Research},
  volume={5},
  number={Jun},
  pages={623--648},
  year={2004}
}


@article{auer2002using,
  title={Using confidence bounds for exploitation-exploration trade-offs},
  author={Auer, Peter},
  journal={Journal of Machine Learning Research},
  volume={3},
  number={Nov},
  pages={397--422},
  year={2002}
}

@article{slivkins2014contextual,
  title={Contextual bandits with similarity information.},
  author={Slivkins, Aleksandrs},
  journal={Journal of Machine Learning Research},
  volume={15},
  number={1},
  pages={2533--2568},
  year={2014}
}



@article{bui2012clustered,
  title={Clustered bandits},
  author={Bui, Loc and Johari, Ramesh and Mannor, Shie},
  journal={arXiv preprint arXiv:1206.4169},
  year={2012}
}

@article{cesa2013gang,
  title={A gang of bandits},
  author={Cesa-Bianchi, Nicolo and Gentile, Claudio and Zappella, Giovanni},
  journal={Advances in Neural Information Processing Systems},
  pages={737--745},
  year={2013}
}

@inproceedings{gentile2014online,
  title={Online Clustering of Bandits.},
  author={Gentile, Claudio and Li, Shuai and Zappella, Giovanni},
  booktitle={ICML},
  pages={757--765},
  year={2014}
}


@article{kaufmann2012bayesian,
  author    = {Emilie Kaufmann and
               Olivier Capp{\'{e}} and
               Aur{\'{e}}lien Garivier},
  editor    = {Neil D. Lawrence and
               Mark A. Girolami},
  title     = {On Bayesian Upper Confidence Bounds for Bandit Problems},
  journal = {Proceedings of the Fifteenth International Conference on Artificial
               Intelligence and Statistics, {AISTATS} 2012, La Palma, Canary Islands,
               April 21-23, 2012},
  series    = {{JMLR} Proceedings},
  volume    = {22},
  pages     = {592--600},
  publisher = {JMLR.org},
  year      = {2012}
}

@inproceedings{hillel2013distributed,
  title={Distributed exploration in multi-armed bandits},
  author={Hillel, Eshcar and Karnin, Zohar S and Koren, Tomer and Lempel, Ronny and Somekh, Oren},
  booktitle={Advances in Neural Information Processing Systems},
  pages={854--862},
  year={2013}
}

@article{awerbuch2008competitive,
  title={Competitive collaborative learning},
  author={Awerbuch, Baruch and Kleinberg, Robert},
  journal={Journal of Computer and System Sciences},
  volume={74},
  number={8},
  pages={1271--1288},
  year={2008},
  publisher={Elsevier}
}

@article{liu2010distributed,
  title={Distributed learning in multi-armed bandit with multiple players},
  author={Liu, Keqin and Zhao, Qing},
  journal={IEEE Transactions on Signal Processing},
  volume={58},
  number={11},
  pages={5667--5681},
  year={2010},
  publisher={IEEE}
}

@inproceedings{szorenyi2013gossip,
  title={Gossip-based distributed stochastic bandit algorithms.},
  author={Sz{\"o}r{\'e}nyi, Bal{\'a}zs and Busa-Fekete, R{\'o}bert and Heged{\"u}s, Istv{\'a}n and Orm{\'a}ndi, R{\'o}bert and Jelasity, M{\'a}rk and K{\'e}gl, Bal{\'a}zs},
  booktitle={ICML (3)},
  pages={19--27},
  year={2013}
}

%%%%%%%%%%%%%%%%%%%%%%%%%%%%%%%%%%
%Chapter 6
%%%%%%%%%%%%%%%%%%%%%%%%%%%%%%%%%%

@inproceedings{freund1995desicion,
  title={A desicion-theoretic generalization of on-line learning and an application to boosting},
  author={Freund, Yoav and Schapire, Robert E},
  booktitle={European conference on computational learning theory},
  pages={23--37},
  year={1995},
  organization={Springer}
}

@article{littlestone1994weighted,
  title={The weighted majority algorithm},
  author={Littlestone, Nick and Warmuth, Manfred K},
  journal={Information and computation},
  volume={108},
  number={2},
  pages={212--261},
  year={1994},
  publisher={Elsevier}
}

@inproceedings{auer1995gambling,
  title={Gambling in a rigged casino: The adversarial multi-armed bandit problem},
  author={Auer, Peter and Cesa-Bianchi, Nicolo and Freund, Yoav and Schapire, Robert E},
  booktitle={Foundations of Computer Science, 1995. Proceedings., 36th Annual Symposium on},
  pages={322--331},
  year={1995},
  organization={IEEE}
}

@inproceedings{kocak2014efficient,
  title={Efficient learning by implicit exploration in bandit problems with side observations},
  author={Koc{\'a}k, Tom{\'a}{\v{s}} and Neu, Gergely and Valko, Michal and Munos, R{\'e}mi},
  booktitle={Advances in Neural Information Processing Systems},
  pages={613--621},
  year={2014}
}


@inproceedings{kocsis2006discounted,
  title={Discounted ucb},
  author={Kocsis, Levente and Szepesv{\'a}ri, Csaba},
  booktitle={2nd PASCAL Challenges Workshop},
  pages={784--791},
  year={2006}
}

@article{hartland2007change,
  title={Change point detection and meta-bandits for online learning in dynamic environments},
  author={Hartland, C{\'e}dric and Baskiotis, Nicolas and Gelly, Sylvain and Sebag, Michele and Teytaud, Olivier},
  journal={CAp},
  pages={237--250},
  year={2007}
}

@inproceedings{yu2009piecewise,
  title={Piecewise-stationary bandit problems with side observations},
  author={Yu, Jia Yuan and Mannor, Shie},
  booktitle={Proceedings of the 26th Annual International Conference on Machine Learning},
  pages={1177--1184},
  year={2009},
  organization={ACM}
}

@inproceedings{garivier2011upper,
  title={On upper-confidence bound policies for switching bandit problems},
  author={Garivier, Aur{\'e}lien and Moulines, Eric},
  booktitle={International Conference on Algorithmic Learning Theory},
  pages={174--188},
  year={2011},
  organization={Springer}
}

@book{devroye2013probabilistic,
  title={A probabilistic theory of pattern recognition},
  author={Devroye, Luc and Gy{\"o}rfi, L{\'a}szl{\'o} and Lugosi, G{\'a}bor},
  volume={31},
  year={2013},
  publisher={Springer Science \& Business Media}
}

@article{mellor2013thompson,
  title={Thompson sampling in switching environments with bayesian online change point detection},
  author={Mellor, Joseph and Shapiro, Jonathan},
  journal={CoRR, abs/1302.3721},
  year={2013}
}

@article{DBLP:journals/corr/BesbesGZ14,
  author    = {Omar Besbes and
               Yonatan Gur and
               Assaf J. Zeevi},
  title     = {Optimal Exploration-Exploitation in a Multi-Armed-Bandit Problem with
               Non-stationary Rewards},
  journal   = {CoRR},
  volume    = {abs/1405.3316},
  year      = {2014},
  url       = {http://arxiv.org/abs/1405.3316},
  archivePrefix = {arXiv},
  eprint    = {1405.3316},
  timestamp = {Wed, 07 Jun 2017 14:40:10 +0200},
  biburl    = {http://dblp.org/rec/bib/journals/corr/BesbesGZ14},
  bibsource = {dblp computer science bibliography, http://dblp.org}
}

@article{allesiardo2017non,
  title={The non-stationary stochastic multi-armed bandit problem},
  author={Allesiardo, Robin and F{\'e}raud, Rapha{\"e}l and Maillard, Odalric-Ambrym},
  journal={International Journal of Data Science and Analytics},
  pages={1--17},
  year={2017},
  publisher={Springer}
}

@article{raj2017taming,
  title={Taming Non-stationary Bandits: A Bayesian Approach},
  author={Raj, Vishnu and Kalyani, Sheetal},
  journal={arXiv preprint arXiv:1707.09727},
  year={2017}
}

@article{liu2017change,
  title={A Change-Detection based Framework for Piecewise-stationary Multi-Armed Bandit Problem},
  author={Liu, Fang and Lee, Joohyun and Shroff, Ness},
  journal={arXiv preprint arXiv:1711.03539},
  year={2017}
}

%%%%%%%%%%%%%%%%%%%%%%%%%%%%%%%%%%%%%%%%%%%%%%%%%%
%Chapter 7
%%%%%%%%%%%%%%%%%%%%%%%%%%%%%%%%%%%%%%%%%%%%%%%%%%

@inproceedings{degenne2016anytime,
  title={Anytime optimal algorithms in stochastic multi-armed bandits},
  author={Degenne, R{\'e}my and Perchet, Vianney},
  booktitle={International Conference on Machine Learning},
  pages={1587--1595},
  year={2016}
}

@article{lattimore2016regret,
  title={Regret analysis of the anytime optimally confident UCB algorithm},
  author={Lattimore, Tor},
  journal={arXiv preprint arXiv:1603.08661},
  year={2016}
}

@article{menard2017minimax,
  title={A minimax and asymptotically optimal algorithm for stochastic bandits},
  author={M{\'e}nard, Pierre and Garivier, Aur{\'e}lien},
  journal={arXiv preprint arXiv:1702.07211},
  year={2017}
}

@article{kano2017good,
  title={Good Arm Identification via Bandit Feedback},
  author={Kano, Hideaki and Honda, Junya and Sakamaki, Kentaro and Matsuura, Kentaro and Nakamura, Atsuyoshi and Sugiyama, Masashi},
  journal={arXiv preprint arXiv:1710.06360},
  year={2017}
}

@article{cesa2012combinatorial,
  title={Combinatorial bandits},
  author={Cesa-Bianchi, Nicolo and Lugosi, G{\'a}bor},
  journal={Journal of Computer and System Sciences},
  volume={78},
  number={5},
  pages={1404--1422},
  year={2012},
  publisher={Elsevier}
}
